<?xml version="1.0" encoding="UTF-8" ?>
<record Numero="13908529" format="InterXMarc_Complet" type="Authority">
<leader>00707c1 au22000272  45  <Pos Code="0004">00707</Pos>
<Pos Code="05" Sens="notice modifiée">c</Pos>
<Pos Code="06" Sens="notice validée en catalogage courant">1</Pos>
<Pos Code="08" Sens="notice d&apos;autorité">a</Pos>
<Pos Code="09" Sens="titre uniforme musical (TUM)">u</Pos>
<Pos Code="10">2</Pos>
<Pos Code="11">2</Pos>
<Pos Code="1216">00027</Pos>
<Pos Code="17" Sens="autres cas">2</Pos>
<Pos Code="20">4</Pos>
<Pos Code="21">5</Pos>
</leader>
<controlfield tag="001">FRBNF139085293<Pos Code="0001">FR</Pos>
<Pos Code="0204">BNF</Pos>
<Pos Code="0512">13908529</Pos>
<Pos Code="13">3</Pos>
</controlfield>
<controlfield tag="008">890821120616yyheb sy        1943      ....                   1   <Pos Code="0001">89</Pos>
<Pos Code="0203">08</Pos>
<Pos Code="0405">21</Pos>
<Pos Code="0607">12</Pos>
<Pos Code="0809">06</Pos>
<Pos Code="1011">16</Pos>
<Pos Code="1213" Sens="ne s&apos;applique pas">yy</Pos>
<Pos Code="1416" Sens="hébreu [hébreu (ancien et moderne) => hébreu]">heb</Pos>
<Pos Code="1820">sy </Pos>
<Pos Code="2831">1943</Pos>
<Pos Code="3841">....</Pos>
<Pos Code="61" Sens="La vedette peut être liée à une notice bibliographique sauf pour l&apos;accès matière RAMEAU">1</Pos>
</controlfield>
<datafield tag="048" ind1=" " ind2=" ">
	<subfield code="a">vb01<Pos Code="0001" Sens="voix - mezzo-soprano">vb</Pos>
<Pos Code="02">0</Pos>
<Pos Code="03">1</Pos>
</subfield>
	<subfield code="a">oa01<Pos Code="0001" Sens="orchestre - orchestre symphonique XIXe-XXe s.">oa</Pos>
<Pos Code="02">0</Pos>
<Pos Code="03">1</Pos>
</subfield>
</datafield>
<datafield tag="100" ind1=" " ind2=" ">
	<subfield code="3">13891433</subfield>
	<subfield code="w">.0..b.....</subfield>
	<subfield code="a">Bernstein</subfield>
	<subfield code="m">Leonard</subfield>
	<subfield code="d">1918-1990</subfield>
</datafield>
<datafield tag="144" ind1="1" ind2=" ">
	<subfield code="w">....b.....</subfield>
	<subfield code="a">Symphonies</subfield>
	<subfield code="n">No 1</subfield>
</datafield>
<datafield tag="444" ind1="1" ind2=" ">
	<subfield code="w">....b.....</subfield>
	<subfield code="a">Symphonie Jeremiah</subfield>
</datafield>
<datafield tag="444" ind1="1" ind2=" ">
	<subfield code="w">....b.....</subfield>
	<subfield code="a">Jeremiah</subfield>
	<subfield code="e">Symphonie</subfield>
</datafield>
<datafield tag="502" ind1=" " ind2=" ">
	<subfield code="3">13857786</subfield>
	<subfield code="a">Bernstein</subfield>
	<subfield code="m">Leonard</subfield>
	<subfield code="d">1918-1990</subfield>
	<subfield code="t">[Symphonies]</subfield>
</datafield>
<datafield tag="600" ind1=" " ind2=" ">
	<subfield code="a">Créé à Pittsburgh (Pennsylvanie) par Jennie Tourel et le Pittsburgh symphony orchestra sous la dir. du comp.</subfield>
	<subfield code="a">Texte tiré des Lamentations de Jérémie</subfield>
	<subfield code="a">Comprend : Prophecy ; Profanation ; Lamentation</subfield>
</datafield>
<datafield tag="600" ind1=" " ind2=" ">
	<subfield code="a">Date de composition : 1943</subfield>
</datafield>
<datafield tag="600" ind1=" " ind2=" ">
	<subfield code="a">1re exécution : 1944-01-28</subfield>
</datafield>
<datafield tag="610" ind1=" " ind2=" ">
	<subfield code="a">Grove 6</subfield>
</datafield>
<datafield tag="917" ind1=" " ind2=" ">
	<subfield code="o">OPC</subfield>
	<subfield code="a">100369810</subfield>
</datafield>
<datafield tag="996" ind1=" " ind2=" ">
	<subfield code="o">OPP</subfield>
	<subfield code="a">13857783</subfield>
	<subfield code="d">20120616</subfield>
</datafield>
<Alter Ori="13891433">
<datafield tag="400" ind1=" " ind2=" ">
	<subfield code="w">. .2b.....</subfield>
	<subfield code="a">Amber</subfield>
	<subfield code="m">Lenny</subfield>
	<subfield code="d">1918-1990</subfield>
</datafield>
</Alter>
<Attr Nom="IDPerenne">ark:/12148/cb139085295</Attr>
<Attr Nom="NumSource">OPC 100369810</Attr>
<Attr Nom="Source" Sens="BnF catalogue général (depuis 1999)">A</Attr>
<Attr Nom="NumAutoriteLiee">13891433</Attr>
<Attr Nom="DateCreation">21/08/ 1989</Attr>
<Attr Nom="ResponsableCreation">MIGV2</Attr>
<Attr Nom="StructCreation">1</Attr>
<Attr Nom="DateDerniereValidation">16/06/ 2012</Attr>
<Attr Nom="ResponsableDerniereValidation">SERRES CATHERINE</Attr>
<Attr Nom="StructPremiereValidation">1</Attr>
<Attr Nom="DatePremiereValidation">21/08/ 1989</Attr>
<Attr Nom="ResponsablePremiereValidation">MIGV2</Attr>
<Attr Nom="StructDerniereValidation">82</Attr>
<Attr Nom="NumSource" Rep="1">OPP 13857783</Attr>
</record>
